<record xmlns='http://www.loc.gov/MARC21/slim'><leader>02772cam a2200481 a 4500</leader><controlfield tag='001'>9939238033506421</controlfield><controlfield tag='005'>20210419134837.0</controlfield><controlfield tag='008'>030701s1743    cc            000 0 chi d</controlfield><datafield ind1=' ' ind2=' ' tag='035'><subfield code='a'>3923803</subfield></datafield><datafield ind1=' ' ind2=' ' tag='035'><subfield code='a'>(CStRLIN)NJPX95-B837</subfield></datafield><datafield ind1=' ' ind2=' ' tag='035'><subfield code='a'>(OCoLC)ocm52666963</subfield></datafield><datafield ind1=' ' ind2=' ' tag='035'><subfield code='a'>(NjP)3923803-princetondb</subfield></datafield><datafield ind1=' ' ind2=' ' tag='040'><subfield code='a'>CStRLIN</subfield><subfield code='c'>PULEA</subfield><subfield code='d'>PULEA</subfield></datafield><datafield ind1=' ' ind2=' ' tag='049'><subfield code='a'>MAIN</subfield></datafield><datafield ind1=' ' ind2=' ' tag='084'><subfield code='a'>TC91/2877</subfield><subfield code='2'>gestsk</subfield></datafield><datafield ind1='1' ind2=' ' tag='100'><subfield code='6'>880-01</subfield><subfield code='a'>Ye, Qizhen.</subfield></datafield><datafield ind1='1' ind2=' ' tag='880'><subfield code='6'>100-01</subfield><subfield code='a'>葉其蓁.</subfield></datafield><datafield ind1='1' ind2='0' tag='245'><subfield code='6'>880-02</subfield><subfield code='a'>Baoyizi you ke zhi zhang yi gao :</subfield><subfield code='b'>wu juan /</subfield><subfield code='c'>Ye Qizhen bian ji ; [Ye] Daben shu.</subfield></datafield><datafield ind1='1' ind2='0' tag='880'><subfield code='6'>245-02</subfield><subfield code='a'>抱乙子幼科指掌遺藁 :</subfield><subfield code='b'>五卷 /</subfield><subfield code='c'>葉其蓁編輯 ; [葉] 大本述.</subfield></datafield><datafield ind1='3' ind2=' ' tag='246'><subfield code='6'>880-03</subfield><subfield code='a'>You ke zhi zhang.</subfield></datafield><datafield ind1='3' ind2=' ' tag='880'><subfield code='6'>246-03</subfield><subfield code='a'>幼科指掌.</subfield></datafield><datafield ind1=' ' ind2=' ' tag='260'><subfield code='6'>880-04</subfield><subfield code='a'>[China :</subfield><subfield code='b'>s.n.],</subfield><subfield code='c'>Qing Qianlong gui hai [8 nian, 1743]</subfield></datafield><datafield ind1=' ' ind2=' ' tag='880'><subfield code='6'>260-04</subfield><subfield code='a'>[China :</subfield><subfield code='b'>s.n.],</subfield><subfield code='c'>清乾隆癸亥 [8年, 1743]</subfield></datafield><datafield ind1=' ' ind2=' ' tag='300'><subfield code='a'>6 v. ;</subfield><subfield code='c'>26 cm.</subfield></datafield><datafield ind1=' ' ind2=' ' tag='500'><subfield code='a'>In case.</subfield><subfield code='5'>NjP-G</subfield></datafield><datafield ind1=' ' ind2=' ' tag='530'><subfield code='a'>Also available in an electronic version.</subfield></datafield><datafield ind1=' ' ind2='0' tag='650'><subfield code='a'>Pediatrics</subfield><subfield code='x'>Early works to 1800.</subfield></datafield><datafield ind1=' ' ind2='0' tag='650'><subfield code='a'>Medicine, Chinese</subfield><subfield code='v'>Formulae, receipts, prescriptions.</subfield><subfield code='0'>http://id.loc.gov/authorities/subjects/sh85083127</subfield></datafield><datafield ind1=' ' ind2='7' tag='650'><subfield code='6'>880-05</subfield><subfield code='a'>Zi bu</subfield><subfield code='x'>Yi jia lei</subfield><subfield code='x'>Er ke.</subfield><subfield code='2'>sk</subfield></datafield><datafield ind1=' ' ind2='7' tag='880'><subfield code='6'>650-05</subfield><subfield code='a'>子部</subfield><subfield code='x'>醫家類</subfield><subfield code='x'>兒科.</subfield><subfield code='2'>sk</subfield></datafield><datafield ind1='1' ind2=' ' tag='700'><subfield code='6'>880-06</subfield><subfield code='a'>Ye, Daben,</subfield><subfield code='e'>shu.</subfield></datafield><datafield ind1='1' ind2=' ' tag='880'><subfield code='6'>700-06</subfield><subfield code='a'>葉大本,</subfield><subfield code='e'>述.</subfield></datafield><datafield ind1='2' ind2=' ' tag='710'><subfield code='6'>880-07</subfield><subfield code='a'>Shu ye tang,</subfield><subfield code='e'>cang ban.</subfield></datafield><datafield ind1='2' ind2=' ' tag='880'><subfield code='6'>710-07</subfield><subfield code='a'>書業堂,</subfield><subfield code='e'>藏板.</subfield></datafield><datafield ind1='2' ind2=' ' tag='710'><subfield code='a'>Chinese Rare Books Project.</subfield><subfield code='0'>http://id.loc.gov/authorities/names/no2016148800</subfield></datafield><datafield ind1=' ' ind2=' ' tag='880'><subfield code='6'>500-00</subfield><subfield code='a'>封面鐫&quot;抱乙子遺藁南汇葉困菴先生編輯幼科指掌書業堂藏板&quot;.</subfield></datafield><datafield ind1=' ' ind2=' ' tag='880'><subfield code='6'>500-00</subfield><subfield code='a'>乾隆癸亥李大倫&quot;序&quot;言刻書事.</subfield></datafield><datafield ind1=' ' ind2=' ' tag='880'><subfield code='6'>500-00</subfield><subfield code='a'>框19 x 13.1公分, 9行18字, 白口, 左右雙邊, 單黑魚尾. 版心上鐫&quot;幼科&quot;, 中鐫卷次.</subfield></datafield><datafield ind1='4' ind2='1' tag='856'><subfield code='u'>http://arks.princeton.edu/ark:/88435/hd76s271v</subfield></datafield><datafield ind1='4' ind2='1' tag='856'><subfield code='3'>First page of main text</subfield><subfield code='u'>https://libimages1.princeton.edu/loris/CHRBPageImages/NJPX95B837.jp2/full/full/0/default.jpg</subfield></datafield><datafield ind1=' ' ind2=' ' tag='852'><subfield code='a'>NjP-G</subfield><subfield code='b'>HYC</subfield><subfield code='j'>TC91/2877</subfield><subfield code='k'>Rare</subfield><subfield code='t'>1</subfield><subfield code='x'>Gillis 2877</subfield><subfield code='x'>All vols. bound separately, in case</subfield><subfield code='x'>CIN=HXZ; OID=MMH</subfield></datafield><datafield ind1=' ' ind2=' ' tag='979'><subfield code='a'>(OCoLC)ocn153834910</subfield></datafield><datafield ind1=' ' ind2=' ' tag='994'><subfield code='a'>C0</subfield><subfield code='b'>PULEA</subfield></datafield><datafield ind1=' ' ind2=' ' tag='INT'><subfield code='a'>P</subfield></datafield><datafield ind1=' ' ind2=' ' tag='INST'><subfield code='a'>01PRI_INST</subfield></datafield><datafield ind1=' ' ind2=' ' tag='AVA'><subfield code='0'>9939238033506421</subfield><subfield code='8'>227413470006421</subfield><subfield code='a'>01PRI_INST</subfield><subfield code='b'>rare</subfield><subfield code='c'>East Asian Library Rare Books</subfield><subfield code='d'>TC91/2877</subfield><subfield code='e'>check_holdings</subfield><subfield code='j'>hycrare</subfield><subfield code='k'>8</subfield><subfield code='p'>1</subfield><subfield code='q'>Special Collections</subfield><subfield code='t'>Vol.1-v.6</subfield></datafield><datafield ind1=' ' ind2=' ' tag='AVE'><subfield code='8'>53372339140006421</subfield><subfield code='e'>Available</subfield><subfield code='l'>online</subfield><subfield code='u'>publishing_base_url undefined?u.ignore_date_coverage=true&amp;rft.mms_id=9939238033506421</subfield></datafield><datafield ind1=' ' ind2=' ' tag='AVE'><subfield code='8'>53372339110006421</subfield><subfield code='e'>Available</subfield><subfield code='l'>online</subfield><subfield code='u'>publishing_base_url undefined?u.ignore_date_coverage=true&amp;rft.mms_id=9939238033506421</subfield></datafield></record>